@book{cormen2009,
    author    = {Thomas H. Cormen and Charles E. Leiserson and Ronald L. Rivest and Clifford Stein},
    title     = {Introduction to Algorithms},
    edition   = {3rd},
    publisher = {MIT Press},
    year      = {2009},
    address   = {Cambridge, MA},
    isbn      = {9780262033848},
}

@book{balakrishnan2005,
    author    = {V. K. Balakrishnan},
    title     = {Schaum's Outline of Theory and Problems of Graph Theory},
    edition   = {Nachdr.},
    publisher = {McGraw--Hill},
    year      = {2005},
    address   = {New York},
    isbn      = {978-0070054899},
}

